<?xml version="1.0" encoding="UTF-8"?><record xmlns="http://www.loc.gov/MARC21/slim" xmlns:cinclude="http://apache.org/cocoon/include/1.0" xmlns:zs="http://www.loc.gov/zing/srw/">
  <leader>00985cz  a2200169n  4500</leader>
  <controlfield tag="001">n 2009206069</controlfield>
  <controlfield tag="003">DLC</controlfield>
  <controlfield tag="005">20091217075314.0</controlfield>
  <controlfield tag="008">090825n| acannaabn          |b ana      </controlfield>
  <datafield tag="010" ind1=" " ind2=" ">
    <subfield code="a">n 2009206069</subfield>
  </datafield>
  <datafield tag="040" ind1=" " ind2=" ">
    <subfield code="a">DLC</subfield>
    <subfield code="b">eng</subfield>
    <subfield code="c">DLC</subfield>
  </datafield>
  <datafield tag="110" ind1="2" ind2=" ">
    <subfield code="a">Sāzmān-i Banādir va Daryāʹnavardī (Iran)</subfield>
  </datafield>
  <datafield tag="410" ind1="2" ind2=" ">
    <subfield code="a">سازمان بنادر و دريانوردى (ايران)</subfield>
  </datafield>
  <datafield tag="410" ind1="2" ind2=" ">
    <subfield code="a">Ports and Maritime Organization of Iran</subfield>
  </datafield>
  <datafield tag="410" ind1="2" ind2=" ">
    <subfield code="a">PMO (Iran)</subfield>
  </datafield>
  <datafield tag="667" ind1=" " ind2=" ">
    <subfield code="a">Non-Latin script reference not evaluated.</subfield>
  </datafield>
  <datafield tag="670" ind1=" " ind2=" ">
    <subfield code="a">Hamāyish-i Bayn al-Milal-i Muhandisī-i Savāḥil, Banādir va Sāzahʹhā-yi Daryāyī (8th : 2008 : Tehran, Iran). Majmūʻah-i khulāsah-i maqālāt-i hashtmīn Hamāyish-i Bayn al-Milal-i Muhandisī-i Savāḥil, Banādir va Sāzahʹhā-yi Daryāyī, 2008:</subfield>
    <subfield code="b">t.p. verso (Iranian CIP data: سازمان بنادر و دريانوردى = Sāzmān-i Banādir va Daryāʹnavardī) cover (PMO) p. 4 of cover (Ports and Maritime Organization of Iran)</subfield>
  </datafield>
</record>